@article{zhou2011malsar,
  title={MALSAR: Multi-task learning via structural regularization},
  author={Zhou, Jiayu and Chen, Jianhui and Ye, Jieping},
  journal={Arizona State University},
  year={2011}
}
